1898 3214
577 111 1022 166 enutritur-A}
1472 111 1565 168 619'

60 203 141 238 aut
156 178 355 253 quibus',
372 179 529 248 qua-‚so
546 220 562 242 ,
576 181 684 231 diris
717 182 1050 232 deuouebimus
1067 177 1293 231 eiusmodi
1313 179 1568 245 flagitium,

63 269 159 302 non
182 252 331 300 dicam
355 265 594 312 parentum
625 286 639 308 ,
667 246 744 296 sed
774 247 1038 297 carnificum
1067 247 1434 310 impiissimorum
1452 280 1466 297 ,
1485 247 1574 309 qui

66 334 237 367 natura:
264 318 334 364 ius
353 314 423 361 vel
454 316 594 362 etiam
609 312 790 361 honesti
814 314 1081 379 repagulum
1095 314 1378 375 praecipuum
1410 309 1576 358 diffel-

65 398 232 433 uerunt
248 420 260 440 ,
274 380 441 445 quibus
459 383 505 425 in
532 381 734 426 animum
764 379 921 426 eadere
938 388 1088 442 potuit
1109 393 1201 426 tam
1219 375 1464 424 infandum
1484 375 1579 425 sce-

18 493 20 495 ,
69 450 139 497 lus
157 486 171 508 ,
187 443 461 510 tantumc‘lue
490 446 724 509 flagitium
744 483 755 503 ‚
775 460 823 492 vt
840 446 982 492 vitam
1012 442 1337 490 innocentibus
1355 441 1579 500 adimant,

65 531 163 562 non
181 506 519 574 dieam'ignotis
547 526 625 557 aut
640 511 804 557 exteris
824 548 837 568 ‚
856 508 930 557 scd
958 511 1014 559 iis
1031 512 1112 574 qui
1141 507 1265 572 quasi
1283 507 1351 555 sui
1369 508 1576 569 corporis

69 577 272 628 membra
300 576 414 634 sint,
445 573 545 622 imo
572 591 727 622 reuera
750 575 1094 638 expressissima,
1126 591 1220 620 non
1252 589 1380 620 muta
1393 585 1471 620 aut
1497 572 1580 619 ad·

69 645 278 693 umbrata
300 681 313 700 ,
334 659 381 689 vt
399 640 457 688 fic
481 641 674 688 dixerim
693 678 705 699 ,
732 639 1002 688 simulachra
1034 655 1046 689 ἓ
1093 639 1148 687 Id
1172 637 1293 689 forte
1321 636 1374 686 fit
1391 677 1406 695 ,
1436 654 1486 685 vt
1515 636 1586 684 fa·-

71 727 157 760 τως
182 707 446 757 consulatur
474 745 487 766 ,
518 712 562 752 &
591 722 650 753 ne
679 705 739 751 ob
765 705 882 753 hanc
911 706 1059 754 labem
1086 701 1362 768 culpamt'lue
1401 705 1587 751 teterri-

70 792 194 823 mam
222 774 341 835 apud
361 790 440 820 eos
474 812 486 832 ,
519 768 788 837 quibuscum
811 772 979 820 viuuut
1006 811 1020 834 ,
1055 772 1269 820 ruborem
1296 768 1585 818 contrahant.

73 840 163 889 Sed
180 855 333 888 tamen

204 908 408 949 Summum
425 899 530 947 credo
543 903 654 956 nescu
668 904 846 945 animam
861 900 1034 962 preferre
1043 900 1201 962 pudori,

209 973 265 1016 Et
276 981 368 1031 prop
376 983 432 1013 tir
447 973 573 1013 vitam
589 964 750 1010 vincendi
756 965 859 1030 perd
861 983 917 1011 ere
931 966 1092 1026 cauffivs.

72 1036 262 1086 Etenim
281 1051 380 1097 quat
398 1033 494 1080 brec
517 1034 613 1080 vita
632 1029 720 1080 effe
738 1033 900 1096 potest,
922 1049 1023 1097 quae
1040 1029 1215 1080 assiduo
1233 1029 1316 1079 fibi
1335 1031 1454 1082 male
1474 1049 1585 1091 con-

71 1101 163 1150 scia
189 1102 323 1147 nodie
353 1097 523 1162 diec'lue
550 1096 678 1146 suum
694 1114 845 1161 portet
875 1101 919 1144 in
945 1099 1129 1160 pectore
1153 1097 1342 1147 testem?
1367 1097 1579 1147 Tantum

72 1165 188 1216 vero
205 1165 331 1214 abest
357 1181 405 1212 vt
430 1164 692 1212 immanitas
711 1181 761 1212 ea
791 1165 836 1210 in
858 1163 1026 1211 belluis
1055 1162 1452 1226 deprehendatur,
1477 1181 1580 1227 quae

70 1235 212 1280 etiam
229 1247 391 1295 pueros
411 1227 437 1277 εὶ
465 1229 684 1278 matribus
698 1246 778 1278 aut
805 1230 991 1277 relictos
1008 1267 1021 1288 ,
1035 1246 1115 1276 aut
1141 1230 1312 1278 eiectos
1333 1268 1346 1290 ,
1363 1228 1579 1278 vberibus

72 1297 304 1346 interdum
333 1296 554 1343 aluerintz
575 1301 618 1342 &
648 1311 728 1357 pro
753 1295 924 1343 viribus
955 1296 1182 1343 immunes
1211 1293 1237 1343 εὶ
1261 1294 1432 1342 damno
1458 1293 1582 1344 fece-

71 1365 165 1412 rint
182 1379 191 1404 τ
211 1363 340 1411 cuius
357 1363 421 1409 rei
437 1361 572 1410 testes
587 1360 804 1410 habemus
824 1361 1035 1409 historias
1055 1377 1152 1408 tum
1170 1366 1429 1409 Graecorum
1447 1401 1460 1422 ,
1477 1379 1578 1410 tum

17 1456 25 1459 2
73 1433 407 1477 Romanorum.
442 1427 539 1474 Hic
549 1443 701 1475 autern
718 1427 979 1490 exemplum
994 1434 1213 1490 proponit
1228 1426 1580 1492 palumbis‚quae
1602 1432 1788 1472 palumbes
1802 1435 1845 1480 se

77 1493 293 1542 saeuiente
330 1491 505 1557 frigore
533 1490 773 1541 nidificans
791 1531 806 1553 ,
825 1498 867 1539 &
896 1509 1072 1556 partum
1096 1494 1310 1541 emittens
1330 1532 1343 1553 ,
1365 1492 1448 1539 fibi
1477 1494 1580 1557 plu·
1599 1487 1647 1524 “d
1674 1485 1842 1534 f⁰“³”‘¹⁰⁸

71 1577 170 1609 mas
198 1557 322 1606 haud
345 1574 560 1622 grauatur
584 1557 783 1605 auellere
801 1598 814 1620 ‚
843 1575 892 1607 vt
919 1554 1309 1622 paruulimollius
1340 1559 1574 1607 incubent:
1594 1542 1692 1629 ἕξ
1723 1542 1845 1590 explu-

77 1643 175 1691 quo
190 1623 243 1672 fit
261 1641 308 1672 vt
324 1621 417 1687 ipsa
435 1622 548 1686 saepe
565 1640 708 1671 mater
722 1622 832 1689 gelu
846 1622 1146 1672 contabescat.
1195 1625 1420 1687 Sulpicius
1443 1631 1577 1673 Seue·
1601 1622 1742 1696 sulp‘icq
1783 1648 1846 1682 Se-

71 1708 149 1739 -rus
167 1692 230 1738 ait
250 1708 260 1736 z
281 1690 383 1753 lege
400 1688 560 1736 diuina
577 1693 656 1752 qui
673 1705 851 1751 parturn
869 1707 962 1736 non
981 1688 1289 1738 deformatum
1304 1691 1487 1740 mulieri
1503 1710 1580 1740 ex·
1603 1701 1798 1737 κινῆσαι..

73 1754 254 1804 cufferit
275 1794 286 1815 ,
304 1772 508 1802 extremo
537 1754 761 1818 supplicio
774 1754 1070 1818 puniendum.
1086 1756 1222 1819 Qd
1238 1757 1385 1819 igitur
1399 1756 1580 1818 mulier,

73 1838 176 1885 quae
191 1820 328 1868 audet
344 1837 520 1882 partum
537 1820 706 1868 elidere
723 1859 735 1877 ,
749 1838 850 1884 quae
863 1819 941 1869 sua
954 1820 1091 1884 ipfius
1111 1821 1586 1880 viscera(horrendum

75 1889 204 1936 dictu
226 1882 444 1950 faetuc'iue
472 1888 664 1949 impium
690 1888 704 1941 )
736 1884 980 1936 euiscerat?
1014 1891 1240 1938 Succurrit
1262 1888 1323 1936 'ad
1348 1887 1464 1950 hanc
1487 1907 1586 1937 rem

79 1952 396 2018 grauissimum
412 1952 696 1999 Tertulliani
714 1951 1031 2001 testimonium
1049 1971 1060 1998 ι
1079 1953 1201 2003 Cum
1228 1953 1364 2002 nobis
1384 1954 1584 2004 homici·
1639 1959 1852 2000 Tertulliani

74 2020 202 2066 dium
220 2017 357 2066 semel
377 2018 671 2065 interdictum
689 2016 741 2066 fit
761 2020 895 2065 etiam
910 2034 1182 2081 concePtum
1209 2037 1340 2068 vtcro
1355 2057 1368 2079 ,
1384 2020 1491 2068 dum
1508 2021 1585 2070 ad·
1609 2016 1717 2052 lacm-

70 2084 165 2132 huc
182 2082 368 2145 sanguis
384 2083 686 2130 inhominem
703 2083 930 2132 delibatur
945 2122 958 2144 ,
972 2083 1212 2134 diffoluete
1229 2086 1463 2135 nonlicet.
1482 2091 1589 2136 Ho-

72 2148 254 2208 micidij
273 2147 506 2196 festinatio
523 2148 586 2196 est
606 2189 620 2209 ,
635 2149 867 2211 prohiberi
887 2149 1007 2198 nasci
1024 2167 1037 2197 ε
1053 2167 1134 2199 nec
1159 2151 1297 2200 refert
1314 2167 1465 2199 natam
1482 2157 1587 2217 quis

74 2217 275 2263 animam
300 2215 460 2276 eripiat
480 2249 491 2267 ,
508 2231 563 2261 an
582 2213 866 2262 nascentium
882 2216 1117 2264 disturbet.
1151 2221 1316 2266 Homo
1334 2217 1398 2266 est
1427 2225 1471 2267 &
1502 2223 1583 2283 qui

72 2281 141 2328 est
159 2278 357 2328 futurus:
379 2285 422 2325 &
442 2278 618 2329 fruetus
636 2280 839 2329 hominis
853 2284 942 2329 iam
958 2283 1005 2330 in
1022 2282 1196 2331 semine
1211 2282 1294 2331 est.
1313 2288 1430 2348 Q
1443 2295 1584 2336 ratio³

76 2364 133 2394 ne
151 2345 316 2392 mulier
343 2345 551 2408 quaedam
570 2345 755 2394 Milesia
773 2343 902 2411 quod
927 2347 1267 2397 medicamentis
1284 2360 1462 2411 partum
1479 2351 1587 2399 abe-

72 2409 226 2478 gilla,
243 2411 452 2458 damnata
465 2410 530 2459 est
543 2414 731 2474 capitis‘:
749 2429 1009 2477 quanquam
1026 2419 1146 2462 enirn
1162 2432 1266 2463 eum
1281 2416 1361 2479 qui
1375 2418 1583 2466 nondum

73 2475 187 2525 esset
202 2476 347 2523 homo
362 2515 374 2535 ‚
391 2476 636 2539 expulisset
654 2517 667 2536 ,
695 2476 934 2527 sustulerat
950 2496 1103 2527 tamen
1129 2478 1254 2544 spem
1271 2485 1472 2543 parentis
1489 2500 1584 2530 mea

73 2544 265 2590 moriam
291 2545 499 2591 nominis
511 2580 524 2599 ,
541 2543 788 2592 subfidium
814 2548 994 2609 generis
1010 2583 1024 2604 ,
1040 2545 1258 2605 heredem
1274 2545 1462 2595 familiae
1479 2587 1490 2606 ‚
1505 2549 1578 2596 de'⁴

74 2604 400 2673 {ignarumque
419 2610 565 2655 ciuem
583 2609 783 2671 Reipub.
814 2626 862 2656 vt
881 2613 1044 2658 Cicero
1071 2614 1118 2660 in
1135 2612 1428 2662 Cluentiana.
1460 2616 1579 2661 Oui-

74 2673 175 2722 dius
192 2673 359 2720 alicubi
375 2672 622 2722 detestatur
635 2673 812 2721 facinus
828 2674 949 2722 idem
965 2692 1161 2727 matrum
1178 2716 1191 2739 ‚
1209 2696 1309 2742 quae
1325 2680 1370 2724 in
1387 2677 1490 2728 suos
1512 2679 1579 2728 fe·

75 2755 148 2786 tus
167 2742 230 2786 ita
245 2739 450 2788 crudeles
467 2738 570 2787 sunt
588 2779 602 2799 ,
618 2756 668 2787 vt
686 2739 760 2787 vel
775 2740 1010 2790 abortiuos
1026 2780 1041 2804 ‚
1060 2743 1135 2791 vel
1163 2747 1301 2793 etiam
1319 2761 1471 2794 recens
1487 2747 1580 2800 cdi-

75 2820 146 2852 τος
169 2805 263 2853 vita
277 2805 477 2869 priuent.
501 2807 571 2855 Sic
588 2808 708 2854 enim
721 2806 802 2853 ait:
1556 2804 1558 2806 ’
1579 2813 1582 2817 ’
