1898 3214
118 1540 250 1581 Biantis
270 1553 309 1578 a·

69 1595 308 1650 pophtbegma.

102 1650 259 1686 Animus
270 1646 311 1682 ab

67 1699 217 1740 externis
248 1700 315 1736 mi.

70 1750 309 1805 mmepe‘dens.

99 2005 291 2050 Paupertas

64 2054 194 2107 tabique
216 2062 310 2091 tuta.

111 2265 303 2316 Descriptk

62 2326 285 2362 Hunnorum.

346 81 470 146 15⁸,
771 90 1059 127 annana
1114 86 1421 129 Atcia'rt

339 152 529 203 grauius
559 157 572 187 ε
602 138 775 206 quippe
802 143 895 192 fine
927 146 1052 193 tecto
1070 143 1461 211 munimentoc'lue
1495 159 1662 210 pecora
1693 150 1741 195 8<
1773 141 1843 197 ³12

338 219 498 251 menta
519 205 797 258 habentibus
815 249 828 270 ‚
843 211 956 275 quid
974 211 1148 260 saluum
1177 208 1287 260 effet
1302 250 1316 272 ‚
1331 211 1362 259 fi
1383 212 1522 259 furari
1538 212 1697 261 liceret
1714 224 1729 261 ἓ
1749 216 1845 261 Αυ-

340 285 443 316 tum
463 273 508 315 &
532 288 775 338 argentum
804 277 989 339 perinde
1002 275 1297 340 aspernantur
1312 315 1327 337 ,
1348 294 1400 326 ac
1427 279 1597 342 reliqui
1628 279 1847 326 mortales

341 349 579 398 appetunt.
620 341 756 388 Laste
785 347 830 388 &
857 343 995 390 melle
1021 341 1275 390 vescuntur.
1313 347 1446 391 Lanae
1478 344 1534 391 iis
1566 343 1670 392 vsus
1693 361 1746 392 ac
1764 362 1844 392 ve·

340 399 479 449 stium
507 405 695 466 ignotus
725 425 737 453 z
767 412 812 459 &
837 414 1098 472 quanquam
1140 409 1376 456 continuis
1419 407 1676 471 frigoribus
1709 426 1845 457 vran-

339 481 416 513 tur
441 503 455 526 ,
484 470 683 532 pellibus
715 488 867 519 tamen
896 470 1061 520 ferinis
1086 489 1165 522 aut
1191 475 1383 522 murinis
1418 473 1687 522 vestiuntur.
1726 478 1847 523 Haec

336 536 628 583 continentia
645 537 741 585 illis
761 555 943 584 morum
963 555 1149 602 quoque
1165 539 1386 587 iustitiam
1403 539 1531 587 dedit
1548 576 1562 598 ,
1578 539 1702 586 nihil
1728 541 1846 587 alie·-

335 613 447 670 num
476 602 924 664 concupiscentibus.
1016 602 1149 667 uippe
1175 604 1440 653 diuitiarum
1469 604 1639 668 cupido
1674 604 1737 655 ibi
1757 605 1844 658 est,

335 663 478 710 vbi&
499 665 618 714 vsus.
652 674 806 734 Atque
832 672 1005 716 vtinam
1034 672 1230 735 reliquis
1263 671 1539 719 mortalibus
1569 669 1727 719 fimilis
1743 688 1848 717 mo*

337 726 517 777 deratio
545 739 589 779 &
615 733 893 782 abstinentia
919 736 1060 782 alieni
1093 734 1243 784 foret.
1297 734 1515 784 Profer
1551 747 1651 782 non
1691 736 1842 784 bello-

337 811 438 842 tum
465 813 641 846 tantum
681 815 759 861 per
786 806 943 853 onmia
971 799 1132 849 saecula
1173 803 1303 850 terris
1335 802 1552 850 omnibus
1595 803 1842 849 continua-

337 876 664 927 returzzneque
691 865 792 928 plus
819 866 1063 914 hominurn
1089 866 1260 915 ferrum
1294 873 1339 914 δε
1366 866 1678 932 arma‚qu;im
1707 884 1842 915 natu·

336 925 655 976 talisfatorum
673 931 880 979 conditio
895 949 1080 996 raperet.
1126 932 1310 982 Prorsus
1340 951 1385 982 vt
1399 932 1666 981 admirabile
1687 935 1843 981 videa-

338 1007 415 1038 tut
436 992 635 1052 hocillis
656 1013 863 1045 naturam
894 999 1000 1047 dare
1028 1037 1042 1058 ‚
1083 1000 1208 1063 quod
1236 1001 1381 1047 Graeci
1409 1000 1555 1064 longa
1583 997 1843 1061 sapientum
1884 1000 1887 1007 ’

337 1056 547 1107 ἀοξὶῑὶηε
564 1061 912 1129 ,praeceptisque
935 1065 1324 1128 Philosophorum
1344 1064 1565 1127 consequi
1582 1080 1840 1127 nequeunt,

335 1123 582 1193 cultosque
598 1146 747 1176 mores
776 1132 961 1178 inculta:
977 1131 1192 1178 barbaria:
1218 1131 1472 1178 collatione
1490 1129 1687 1193 superari
1710 1148 1720 1176 :
1740 1146 1841 1178 tan·

334 1186 389 1237 to
430 1191 534 1255 plus
572 1196 620 1241 in
661 1195 755 1242 illis
790 1195 969 1259 proficit
1010 1198 1234 1245 vitiorum
1263 1198 1497 1260 ignoratio
1526 1235 1540 1256 ,
1582 1193 1762 1258 quanto
1787 1199 1840 1243 in

333 1260 394 1308 iis
422 1263 634 1325 cognitio
663 1261 864 1310 virtutis.
907 1265 962 1310 Et
989 1262 1087 1310 haec
1101 1262 1290 1318 quidem
1324 1262 1539 1310 lustinus.
1576 1266 1738 1328 Qm
1767 1262 1841 1309 lo-

334 1345 440 1375 cum
454 1321 1168 1391 integrum‚quiapulcherrimus
1187 1328 1490 1388 est‚ascribere
1514 1329 1676 1388 malui,
1699 1327 1842 1392 quat-n

334 1409 611 1443 truncatum.
649 1395 913 1442 Hincenim
939 1395 1145 1442 Alciatus
1166 1432 1179 1455 ‚
1196 1412 1248 1443 vt
1262 1396 1459 1459 opinor,
1486 1399 1722 1443 materiam
1751 1412 1842 1443 tta-

333 1462 405 1509 xit
420 1458 714 1507 Embiematis
732 1497 745 1519 ,
764 1461 831 1508 vti
850 1461 941 1506 iam
968 1459 1064 1507 dixi
1084 1478 1095 1506 ε
1116 1461 1244 1509 cuius
1273 1452 1552 1526 epigrapb!‚
1572 1465 1728 1505 Omnia
1754 1475 1843 1506 mea

333 1543 480 1570 mecum
501 1539 718 1588 porto‚ex
747 1526 1144 1591 apophthegmate
1173 1526 1350 1574 Biantis
1373 1564 1386 1586 ,
1414 1524 1686 1574 sententiam
1713 1543 1844 1574 com-

333 1592 576 1656 pleffltur,
611 1598 655 1638 &
673 1591 793 1657 quasi
813 1593 1013 1638 animam
1041 1589 1292 1656 ingeniosae
1318 1593 1504 1654 pisturae
1521 1608 1660 1655 quam
1687 1589 1843 1641 subie-

337 1661 399 1707 cit
413 1657 578 1706 oculis.
620 1660 685 1705 Ea
709 1655 823 1707 vero
854 1656 1383 1721 fignificatur‚animum
1413 1657 1617 1705 hominis
1645 1656 1842 1722 pendere

338 1741 431 1771 non
446 1723 609 1771 debere
624 1742 680 1772 ex
695 1723 766 1772 his
783 1741 884 1789 quae
914 1724 1079 1772 caduca
1096 1721 1201 1772 funt
1227 1729 1270 1771 &
1287 1723 1507 1784 fortuita,
1525 1740 1575 1771 vt
1602 1721 1710 1785 pote
1735 1740 1840 1788 qua:

335 1789 671 1840 sollicitudines
687 1795 730 1836 &
746 1789 1342 1842 cruciatusinnumerabiles
1358 1791 1532 1852 pariant
1551 1825 1564 1849 ‚
1581 1788 1655 1837 sed
1677 1805 1727 1838 ea
1741 1806 1843 1837 tan-

336 1853 438 1905 tum
453 1855 616 1903 debere
641 1853 729 1903 effe
746 1854 878 1914 satis,
937 1872 1003 1903 uae
1020 1855 1223 1919 benigna
1251 1871 1413 1902 natura
1435 1853 1488 1903 fit
1502 1853 1696 1920 elargita
1723 1894 1736 1915 ,
1762 1853 1842 1902 vel

336 1939 438 1987 quae
455 1921 509 1967 ab
525 1922 719 1985 ingenio
746 1871 1109 1986 proficiscuntur.
1146 1921 1233 1968 Vel
1267 1920 1498 1985 intelligit
1526 1935 1841 1982 paupertatem

336 1988 598 2051 Vbicunque
629 2004 849 2036 terrarum
868 1987 1043 2045 (etiam
1072 1985 1102 2033 fi
1128 1985 1185 2032 ab
1205 1986 1419 2034 omnibus
1451 1985 1566 2048 pene
1590 1985 1842 2035 miserrima

332 2051 567 2110 censeatur
585 2053 602 2109 )
619 2051 707 2101 esse
738 2069 885 2101 tutam
912 2058 954 2100 &
985 2052 1198 2100 securam.
1239 2055 1400 2117 Qm
1425 2051 1482 2097 ad
1510 2069 1605 2098 rem
1624 2052 1839 2100 describit

336 2121 503 2167 Hunni
545 2118 746 2179 Scythici
781 2118 987 2167 hominis
1025 2135 1292 2166 caeterorum
1330 2117 1508 2165 iudicio
1561 2118 1838 2180 pauperrimi

331 2185 669 2244 conditionem,
687 2201 735 2232 vt
751 2203 805 2232 ex
823 2202 880 2231 co
895 2183 1140 2231 concludat
1158 2222 1169 2243 ,
1184 2184 1380 2232 tutiores
1396 2181 1484 2230 esse
1502 2199 1612 2245 opes
1630 2188 1671 2228 &
1694 2184 1838 2230 facul-

328 2268 445 2299 tates
472 2267 575 2314 quae
602 2249 737 2298 nobis
756 2248 911 2297 insunt
931 2287 948 2309 ,
977 2247 1117 2314 quam
1137 2266 1237 2313 quae
1269 2265 1486 2312 petuntur
1505 2246 1709 2297 aliunde.
1747 2253 1840 2296 Ge-

327 2334 411 2365 nus
432 2315 522 2363 hoc
537 2315 782 2363 hominum
811 2314 870 2363 fic
885 2313 1076 2362 describi
1094 2315 1149 2361 ab
1165 2314 1394 2362 historicis
1423 2315 1760 2364 recentioribus
1789 2330 1839 2361 a·

326 2381 618 2429 nimaduerto
638 2420 651 2441 ,
675 2398 732 2430 ne
751 2380 1088 2429 velminimum
1117 2378 1302 2426 studiosi
1334 2379 1547 2428 haereant.
1590 2380 1833 2429 Pannones

326 2449 467 2495 initio
485 2465 584 2496 eam
599 2462 763 2495 terram
780 2463 856 2494 ten
866 2462 1028 2493 uerunt
1047 2484 1059 2504 ‚
1078 2447 1265 2493 Paeones
1282 2445 1397 2491 olim
1416 2447 1545 2493 dieti:
1576 2446 1681 2493 inde
1698 2450 1840 2493 Hun-

325 2516 375 2560 ni
394 2513 594 2561 habuere
612 2550 626 2573 ,
648 2527 761 2576 gens
794 2511 1022 2574 Scythica.
1057 2514 1175 2559 Mox
1193 2512 1361 2559 Gotthi
1381 2530 1437 2559 ex
1464 2511 1625 2559 insulis
1658 2512 1835 2559 Oceani

324 2580 592 2626 Germanici
622 2577 820 2642 profecti
841 2577 971 2640 ‚post
994 2577 1200 2625 Gotthos
1233 2577 1532 2641 Longobardi
1551 2616 1565 2638 ,
1584 2575 1833 2625 nouissime

326 2647 545 2709 Hungari
573 2663 628 2692 ex
648 2644 739 2690 alia
765 2645 1011 2709 Hungaria
1033 2643 1249 2703 Scythica
1262 2642 1422 2706 egi-effi
1443 2683 1455 2703 ‚
1474 2661 1576 2708 quae
1604 2659 1697 2690 non
1732 2643 1836 2688 lon-

328 2708 387 2772 ge
403 2709 429 2758 a
446 2714 619 2760 Tanais
648 2727 751 2757 ortu
774 2725 899 2757 extat
918 2747 931 2767 ,
946 2714 988 2756 ὃ(
1018 2709 1170 2755 Imbra
1197 2708 1339 2755 hodie
1357 2709 1525 2757 dicitur
1542 2727 1552 2755 :
1570 2707 1733 2757 misera
1757 2708 1835 2756 ad-

321 2774 420 2830 ,huc
435 2777 568 2842 regio
585 2815 600 2839 ‚
619 2774 789 2844 vtpote
805 2791 905 2839 qux
922 2773 975 2824 sit
993 2772 1075 2822 sub
1089 2775 1205 2824 cerlo
1221 2772 1533 2840 frigidissimo.
1572 2777 1697 2824 Duci
1714 2777 1835 2835 Mo»
