1883 3214
258 125 315 178 ἃς.
784 143 862 174 nx
901 142 1255 180 svunotn.
1367 190 1371 195 ¹

736 197 839 259 Qge
851 195 1085 258 spessentmr
1095 200 1144 242 in
1154 195 1366 259 symbolis.
1384 230 1396 245 .

299 263 340 307 A
358 274 390 306 o
419 272 680 306 extremum
695 259 854 324 itaque
871 259 985 325 quid
1005 262 1062 310 ad
1077 262 1365 312 conficienda
1379 261 1590 327 symbola
1608 267 1652 314 in
1670 269 1758 332 pri-

248 326 337 373 mis
366 322 703 372 obseruandum
734 324 818 385 fit,
850 327 1067 376 adiiciam
1093 367 1108 389 ,
1133 346 1182 378 vt
1208 329 1397 378 tandem
1424 333 1441 389 (
1467 349 1628 380 eorum
1649 329 1762 399 'gra-

247 391 318 437 tia
334 388 555 450 maxime,
569 392 651 454 qui
667 390 786 439 hanc
801 393 1043 441 liberalem
1057 400 1102 441 δε
1119 393 1415 461 ingeniosam
1432 400 1757 463 cognitionem

244 456 447 514 colunt)
465 455 716 505 formulam
742 459 971 522 quandam
999 475 1228 522 apponam
1267 459 1584 522 symbolorum
1611 466 1758 513 confi·

243 521 517 571 ciendorum
532 560 546 583 ,
566 522 828 585 expeditam
843 524 972 574 illam
999 525 1192 590 quidem
1207 533 1250 574 &
1265 526 1452 576 facilem
1480 531 1609 577 iuxta
1626 533 1758 593 Iouij

242 587 500 636 destrinam
520 626 536 649 ‚
551 592 631 653 qui
649 605 742 635 non
759 589 907 638 modo
923 608 1055 639 notas
1085 591 1292 642 heroicas
1328 595 1616 658 Principibus
1638 597 1759 643 rnul-

245 654 311 702 εἰς
339 656 632 719 excogitauit
647 694 661 714 ,
678 654 754 703 sed
772 662 816 702 &
837 673 981 704 artem
997 658 1231 721 quandam
1244 675 1446 723 apertam
1464 667 1507 708 δε
1535 677 1755 726 compen·

240 718 437 768 diariam
450 720 698 768 admodum
715 719 958 770 inchoauit
975 720 1133 785 potius
1150 725 1289 788 quam
1304 724 1514 788 perfecit-

322 784 651 848 Symbolorum
680 788 728 834 id
753 791 989 850 proprium
1004 794 1048 836 &
1067 790 1297 852 peculiare
1327 791 1394 839 est
1411 832 1422 850 ,
1439 810 1488 841 vt
1504 796 1632 857 gyris
1650 793 1755 858 qui-

235 850 428 900 busdam
457 857 502 898 δε
532 853 773 901 maeandris
794 892 807 914 ,
829 854 994 918 nempe
1019 853 1224 903 obscuris
1252 854 1582 906 sententiarum
1612 861 1753 906 inuo-

231 916 372 968 lucris
390 917 685 981 obtegantur.
723 918 771 966 Si
786 922 910 968 enim
925 937 1018 968 tam
1038 937 1192 984 aperta
1209 928 1254 968 ὃς
1282 922 1515 985 popularis
1535 922 1651 972 effer
1681 927 1753 979 in·

234 985 398 1033 uentio
417 1022 432 1044 ‚
448 984 575 1032 nihil
590 983 812 1033 doc'crinae
828 1003 906 1034 aut
920 988 1078 1049 gratiae
1101 988 1147 1033 in
1169 989 1222 1035 iis
1243 984 1332 1036 effe
1350 989 1603 1049 videretur,
1623 989 1753 1054 quod

228 1046 458 1110 symbolis
503 1052 847 1115 Aegyptiorum
877 1090 891 1112 ,
923 1051 1253 1100 Chaldaeorum
1283 1094 1295 1114 ,
1325 1054 1751 1120 Pythagoreorum,

228 1121 496 1165 Graecorum
515 1155 529 1176 ,
550 1122 591 1164 &
623 1118 826 1165 aliorum
854 1119 947 1165 iam
977 1117 1083 1168 ante
1103 1119 1302 1184 quadam
1317 1137 1374 1168 ex
1404 1136 1534 1184 parte
1557 1120 1750 1174 demon-

226 1181 424 1231 stratum
451 1182 535 1232 est.

299 1249 506 1310 Deinde,
523 1250 571 1296 in
593 1266 650 1297 eo
670 1248 960 1299 velmaxime
990 1250 1074 1300 sita
1086 1253 1153 1302 est
1179 1250 1515 1314 symbolorum
1535 1253 1654 1301 ratio
1671 1289 1683 1308 ‚
1701 1268 1752 1301 vt

228 1332 338 1365 cum
362 1317 592 1380 grauitate
621 1313 948 1381 breuitatec'lue
989 1316 1190 1382 quadam
1217 1318 1470 1381 plurimum
1508 1315 1749 1368 sententiae

230 1383 505 1429 contineant
525 1399 538 1423 .·
556 1382 684 1445 quod
700 1379 1042 1433 obseruandum
1069 1402 1205 1433 notat
1217 1386 1377 1432 audior
1390 1385 1547 1451 grauis
1565 1389 1609 1432 &
1638 1401 1746 1433 acu-

234 1462 313 1496 tus
328 1448 598 1496 Demetrius
617 1446 879 1498 Phalereus.

344 1513 400 1561 Id
416 1529 635 1576 praeterea
661 1511 926 1563 obstruatur
944 1531 992 1563 vt
1011 1514 1258 1579 plurimum
1274 1556 1287 1576 ,
1304 1532 1354 1564 vt
1381 1513 1645 1576 symbolum
1663 1512 1747 1562 ha-

234 1578 345 1629 beat
369 1580 577 1645 aliquam
605 1598 708 1628 cum
735 1578 903 1646 adagio
922 1579 1000 1629 seu
1027 1585 1252 1646 patoemia
1279 1580 1652 1630 similitudinem.
1684 1582 1742 1633 Et

232 1646 425 1710 quidem
450 1643 765 1711 saepenumero
784 1645 834 1695 fit
850 1686 862 1706 ,
886 1663 932 1696 vt
959 1643 1279 1709 symbolorum
1298 1654 1342 1695 &
1366 1640 1641 1710 adagiorum
1672 1662 1747 1694 ea-

229 1713 338 1761 dem
353 1730 516 1761 natura
534 1710 622 1762 effe
640 1728 852 1775 appareat
874 1752 884 1770 ,
905 1730 1170 1779 quanquam
1199 1715 1319 1762 inter
1348 1713 1393 1762 se
1421 1715 1601 1761 ratione
1631 1729 1743 1778 qua-

227 1777 336 1827 dam
366 1777 596 1828 differant.
638 1778 790 1842 Qd
818 1778 1088 1841 Plutarchus
1121 1779 1373 1844 diligenter
1404 1777 1672 1827 Obseruauit
1696 1779 1744 1824 in

226 1846 530 1910 quibusdam:
547 1851 591 1892 δε
613 1861 773 1909 praeter
787 1862 892 1892 eum
909 1846 1163 1908 Appuleius
1181 1884 1194 1905 ,
1213 1847 1295 1910 qui
1311 1846 1450 1893 etiam
1468 1844 1738 1907 exemplum

222 1913 422 1975 apponit
437 1953 450 1972 ‚
470 1928 520 1961 vt
536 1908 643 1960 esim
659 1910 775 1957 olim
798 1910 1052 1970 diceretur,
1075 1914 1144 1958 Ex
1161 1928 1442 1976 quocunque
1462 1910 1597 1975 ligno
1616 1913 1744 1957 Mer-

224 1980 404 2026 curium
421 1995 514 2024 non
531 1976 630 2025 fieri
649 2016 662 2036 ‚
679 1974 999 2040 significabant
1014 1978 1174 2024 omnia
1189 1983 1234 2024 &
1249 1978 1428 2041 quaeuis
1446 1978 1640 2040 ingenia
1655 1977 1742 2023 mia

223 2043 353 2093 nime
379 2044 436 2092 ad
463 2043 721 2092 dodirinam
752 2041 1076 2105 capescendam
1107 2041 1278 2091 idonea
1297 2061 1308 2089 z
1339 2059 1490 2107 neque
1520 2040 1742 2106 cuiusque

222 2111 433 2158 animum
460 2112 525 2157 ita
556 2106 645 2157 effe
674 2108 701 2159 a
729 2124 892 2157 natura
914 2105 1250 2170 informatum,
1271 2126 1322 2158 vt
1348 2109 1508 2174 ingeni
1509 2108 1533 2169 j
1565 2108 1742 2156 cultum

223 2192 322 2225 tam
338 2173 586 2225 commode
599 2191 756 2239 capere
773 2174 925 2237 poffit·

297 2247 424 2309 Q
442 2257 597 2290 tamen
625 2239 811 2289 fortasse
825 2241 973 2304 magis
996 2242 1200 2289 attinent
1214 2239 1270 2288 ad
1289 2257 1343 2288 ea
1369 2238 1610 2303 symbola,
1630 2255 1735 2303 quae

218 2313 432 2359 oratione
448 2305 654 2372 vinaque
677 2325 793 2356 voce
817 2305 1090 2370 vsurpantur
1107 2346 1121 2367 ,
1137 2323 1232 2354 non
1247 2323 1300 2354 ea
1315 2324 1419 2372 quae
1435 2305 1737 2368 παρρίσκμωδε

217 2374 372 2434 ἄφωνα.
398 2372 604 2432 σύμξολα,
629 2375 945 2422 nominantur.
999 2375 1138 2422 Certe
1166 2373 1290 2420 inter
1330 2390 1523 2438 vtraque
1565 2386 1740 2451 magni

217 2440 371 2505 potest
384 2439 665 2489 intercedere
680 2438 959 2496 similitudo,
982 2455 1033 2486 vt
1048 2437 1272 2503 nusquam
1287 2436 1376 2486 effe
1391 2457 1485 2486 non
1513 2437 1648 2503 possit
1663 2441 1736 2482 in-

217 2525 290 2556 ter
305 2525 376 2556 res
393 2512 438 2554 &
456 2506 590 2554 verba
615 2523 708 2553 non
725 2507 916 2553 minima
941 2506 1192 2569 cognatio:
1216 2519 1295 2552 aut
1311 2503 1343 2552 fi
1360 2509 1508 2570 magis
1538 2505 1732 2568 placeat,

223 2590 279 2622 vt
295 2574 542 2638 aenigmata
557 2611 571 2633 ,
587 2571 646 2621 fic
661 2570 872 2634 symbola
886 2569 991 2619 sunt
1006 2571 1098 2618 alia
1113 2572 1161 2618 in
1182 2570 1347 2630 verbis,
1365 2573 1411 2617 in
1431 2571 1671 2619 sententiis
1685 2584 1733 2614 a·

226 2638 319 2686 iia:
337 2638 546 2703 quaedam
565 2638 706 2687 etiam
735 2640 782 2684 in
800 2652 1024 2701 vtroque,
1040 2634 1142 2686 imo
1165 2636 1396 2685 interdum
1414 2636 1561 2685 literis
1589 2651 1733 2698 atque

226 2704 594 2768 syllabis.Q9d
607 2703 814 2768 pluribus
829 2702 1105 2754 illustrarem
1119 2741 1134 2765 ,
1150 2701 1180 2752 fi
1197 2717 1406 2767 putarem
1419 2702 1469 2752 id
1496 2700 1731 2752 studiosos

224 2771 391 2839 aliquo
406 2772 597 2824 tandem
608 2770 753 2823 modo
766 2771 999 2821 remorari.
