1898 3214
310 128 313 133 ,
419 128 422 130 ,
574 80 1027 119 tantuna-ra.
1105 82 1114 89 ·
1475 67 1561 126 271

64 131 160 188 lam
180 138 230 186 in
261 133 463 187 furorem
487 139 642 187 versos
667 135 860 201 sumptis
888 133 1008 183 hisce
1032 131 1218 196 philtris
1237 168 1250 191 ‚
1274 130 1563 193 quemadmo—

62 205 179 252 —dum
203 210 246 251 &
276 205 518 252 Lucullum
537 243 550 264 ,
576 203 788 267 aliosc‘lue
817 198 1084 248 nonnullos.
1119 196 1349 244 Caeterum
1380 196 1563 243 nullum
1584 206 1797 257 &metm-

69 268 258 332 perinde
284 271 532 317 remedium
559 269 623 317 est
635 269 797 317 efficax
821 266 878 314 ad
903 281 1056 328 turpes
1077 261 1211 310 hosce
1236 267 1392 308 mutus
1407 259 1559 308 sedan·
1580 258 1709 308 efficax
1729 264 1770 324 ἦ*

70 333 155 382 dos
175 368 188 384 ,
220 333 359 398 quam
393 335 543 383 studio
571 340 615 382 &
640 334 792 381 labori
815 333 1014 396 cuipiam
1039 327 1236 376 honesto
1261 320 1353 373 sese
1381 324 1563 387 prorsus
1587 325 1758 355 amoma.

67 398 261 446 dedere:
293 398 489 448 ficenim
505 398 584 449 fiet
599 439 612 460 ‚
642 416 691 447 vt
708 399 860 447 clauus
878 399 1011 444 clauo
1039 393 1238 458 pellatur
1255 428 1265 438 .
1305 387 1427 438 Cum
1440 392 1565 438 enim

69 463 355 527 perspicuum
382 464 465 525 fit,
497 483 702 513 amorem
726 464 849 512 hunc
873 480 965 509 non
993 459 1077 508 nisi
1099 461 1146 505 in
1180 460 1358 504 animos
1388 455 1565 503 luxu&

69 532 174 575 otio
191 528 358 578 fracios
373 530 721 593 irrepere‚nullo
738 530 869 593 plane
885 526 1027 576 modo
1040 524 1181 573 auelli
1198 520 1348 587 potest
1360 559 1373 581 ‚
1398 519 1481 568 nifi
1495 537 1567 568 ac-

69 594 200 642 cedat
228 595 354 643 labor
375 596 542 661 aliquis
572 602 615 642 &
641 602 846 644 anxietas
867 633 880 654 ‚
906 610 1009 660 quae
1042 590 1120 643 sua
1148 587 1356 639 molestia
1379 587 1561 635 innatas

68 666 237 708 amotis
256 662 449 710 maculas
467 661 658 710 oblinat.
676 661 897 708 Ouidius:

241 726 458 784 Desidiam
461 739 562 790 puer
572 728 635 770 ille
637 730 746 789 sequi
750 727 863 788 solet,
871 722 951 770 odit
963 735 1138 785 agentes:

302 797 376 834 Da
391 807 523 835 vacue
535 797 754 854 muniflua
763 803 1071 849 tencatur‚opm.
1553 807 1555 809 ·

73 854 210 916 Qd
239 854 272 903 fi
302 856 551 904 amuletum
579 859 745 904 certius
773 895 786 915 ,
815 860 858 902 &
884 852 1098 919 profect&
1129 853 1350 902 salubrius
1379 851 1471 900 huc
1484 867 1562 915 ap-

73 921 270 982 posuero
287 959 300 981 ‚
330 920 492 985 nempe
507 939 555 970 vt
580 924 706 969 iuxta
723 925 784 969 D.
815 921 945 969 Pauli
974 920 1214 968 consilium
1231 959 1244 978 ,
1276 935 1454 967 carnem
1469 935 1568 965 cum

73 986 203 1034 vitiis
233 985 549 1053 crucifigamus
581 1000 595 1037 Ξ
629 987 718 1035 Iste
754 989 839 1034 erit
865 987 1048 1033 diuinus
1077 993 1121 1033 ὅ(
1160 984 1349 1033 caelestis
1381 979 1568 1041 ἓωτέρας,

70 1053 156 1114 qui
183 1067 413 1101 terrenum
438 1054 573 1101 illum
602 1059 645 1100 δι
662 1054 708 1098 in
729 1052 814 1100 hac
838 1055 1040 1114 corporis
1070 1065 1291 1116 compage
1307 1048 1572 1098 delitescen-

68 1132 166 1163 tem
185 1115 501 1178 {gaug-ebore
522 1117 748 1168 validiore
762 1117 1107 1166 conficietfloc
1121 1134 1262 1166 vnum
1288 1117 1572 1179 captiuarum

74 1183 326 1230 animarum
351 1184 603 1233 amuletum
633 1183 740 1233 satis
768 1185 853 1231 erit
871 1183 927 1229 ad
954 1184 1106 1247 turpia
1133 1185 1288 1230 omnia
1319 1181 1571 1228 libidinum

29 1255 36 1268 ¹
70 1250 383 1314 motuumc'1ue
403 1265 571 1314 genera
587 1248 857 1314 frangenda.

170 1315 362 1364 Bacchica
385 1321 474 1360 auis
490 1320 622 1378 praesso
647 1317 723 1361 ttbs'
743 1315 958 1360 motaciila.
979 1313 997 1377 ]
1025 1311 1299 1362 Aniculacst
1313 1311 1483 1374 plumis
1502 1312 1569 1359 di-
1591 1324 1792 1365 ,Manciae

74 1376 328 1428 stoloribus
360 1420 373 1441 ‚
396 1382 636 1447 praelongo
663 1381 788 1428 collo
807 1417 819 1437 ,
851 1380 1012 1445 lingua
1039 1395 1191 1426 exerta
1209 1417 1222 1439 ‚
1247 1379 1401 1427 colore
1422 1381 1566 1438 vario,
1591 1390 1767 1431 quamn.

73 1460 207 1493 motu
229 1446 385 1494 crebro
416 1446 459 1494 se
496 1450 663 1494 circum
695 1462 832 1511 agens
867 1483 880 1506 ‚
905 1451 948 1491 ὃς
977 1446 1201 1493 ceruicem
1227 1447 1272 1491 in
1299 1443 1457 1491 orbem
1483 1446 1568 1491 fle-

74 1510 202 1556 &ens
229 1529 239 1556 z
276 1512 392 1560 vnde
418 1519 460 1559 &
488 1511 752 1566 πισοπυγίδυ,
781 1527 974 1570 vocant,
1004 1507 1080 1557 seu
1106 1508 1341 1569 σώσουρριν,
1371 1525 1450 1556 aut
1478 1509 1569 1557 κᾶλ-

75 1586 226 1636 Λουρφ
257 1615 270 1634 ,
303 1593 351 1623 vt
379 1578 498 1641 apud
539 1577 825 1640 Hesychium
857 1614 870 1636 ,
898 1577 1072 1623 Latinis
1101 1576 1347 1623 Motacilla
1369 1613 1382 1634 ,
1415 1575 1568 1624 Gallis

73 1637 364 1704 bergeronnette
387 1681 401 1703 ‚
422 1660 501 1690 aut
515 1643 743 1707 ballequeue
757 1677 772 1697 ‚
798 1641 822 1690 εὶ
847 1641 996 1690 caudae
1023 1656 1153 1688 motu
1176 1679 1189 1700 ,
1221 1640 1298 1689 scu
1325 1639 1463 1688 cauda
1476 1657 1570 1688 trc-

75 1707 224 1753 mula.
257 1709 400 1756 Varro
426 1711 636 1758 meminit
679 1712 750 1756 De
776 1709 936 1772 lingua
965 1710 1127 1754 Latina
1154 1725 1165 1753 :
1193 1709 1268 1754 Sic
1292 1705 1496 1754 Galerita
1521 1711 1570 1752 δε

76 1772 323 1819 Motacilla
349 1791 360 1817 ε
388 1774 527 1822 altera
549 1772 740 1839 qubdin
756 1778 902 1836 capite
927 1772 1064 1819 habet
1093 1773 1296 1834 plumam
1320 1771 1575 1819 alatamzal-

76 1853 174 1884 tera
202 1836 332 1901 qubd
359 1838 533 1903 semper
557 1856 714 1888 mouet
743 1839 954 1887 caudam.
989 1841 1102 1884 Nou
1136 1857 1206 1886 me
1241 1854 1395 1886 tamen
1427 1836 1571 1903 fugit,

75 1900 210 1966 quud
248 1903 451 1964 pluribus
485 1906 636 1954 verbis
670 1903 920 1953 contendat
959 1902 1153 1966 Baptista
1184 1905 1290 1951 Pius
1317 1941 1328 1961 ‚
1365 1909 1576 1951 Annota·

75 1967 244 2015 tionib.
277 1969 441 2030 poster.
468 1987 563 2034 cap.
582 1990 614 2033 3.
646 1970 937 2018 Motacillam
968 2006 981 2027 ,
1007 1974 1051 2015 &
1086 1971 1282 2035 Iyngem
1307 1985 1389 2032 pro
1416 1984 1504 2017 vna
1529 1975 1576 2016 &¹

76 2032 235 2080 eadem
249 2037 392 2098 accipi
409 2053 500 2097 non
531 2036 695 2084 debere
711 2075 725 2095 ‚
741 2032 883 2100 idc'lue
900 2051 1058 2082 contra
1085 2035 1233 2099 Seruij
1252 2040 1294 2080 &
1310 2041 1450 2082 Gaza:
1477 2036 1584 2097 opi-2

78 2099 265 2146 nionem
313 2100 449 2150 Certe
475 2101 578 2163 ἴυγξ
607 2106 757 2164 Iynx,
786 2118 837 2148 ea
865 2100 929 2148 est
945 2116 1046 2163 qux
1075 2099 1255 2149 Gallice
1278 2115 1404 2146 tun-ot
1428 2139 1441 2159 ‚
1474 2101 1580 2149 auis

77 2160 219 2225 pauli>
237 2167 381 2213 maior
397 2165 605 2232 fringilla
632 2168 801 2215 coloris
822 2166 936 2230 vai-ij
965 2184 975 2212 :
1007 2168 1079 2214 cui
1106 2167 1279 2214 collum
1307 2168 1578 2228 circumagi-

78 2245 178 2289 tut,
207 2229 367 2296 lingua
394 2233 675 2297 serpentibus
705 2231 867 2280 fimllis
885 2232 1147 2296 ,praelonga
1167 2237 1288 2296 (qua
1313 2248 1465 2279 exerta
1484 2230 1580 2278 for-

75 2300 214 2343 micas
237 2297 428 2346 attrahit
447 2337 460 2358 ‚
478 2300 592 2347 vnde
610 2298 856 2348 formicula
879 2297 1005 2346 dicta
1031 2298 1304 2363 quibusdam
1322 2298 1475 2354 Italis)
1494 2312 1577 2343 vn-

76 2376 191 2424 gues
219 2363 432 2427 vtrinque
447 2366 558 2412 bini.
589 2370 712 2430 Q
736 2379 888 2412 autem
905 2364 1113 2428 haecauis
1132 2364 1184 2412 sit
1203 2405 1215 2424 ,
1231 2381 1382 2426 repete
1398 2382 1452 2411 ex
1471 2363 1571 2411 Ari-

78 2427 184 2475 stot.
205 2446 244 2475 2.
263 2430 336 2475 De
356 2431 516 2485 histor,
544 2431 791 2479 animal.&
824 2433 939 2477 Plin.
967 2449 1008 2478 ιι
1029 2468 1039 2478 .
1071 2435 1193 2495 Lege
1221 2425 1571 2493 proue1·b.'1yn-

76 2507 137 2555 ge
152 2492 322 2540 trahor.
353 2495 522 2545 Adbaec
536 2517 612 2545 cur
636 2495 1074 2554 Motafcilladicatur
1099 2499 1197 2544 auis
1226 2496 1442 2543 Bacchica
1459 2533 1472 2553 ‚
1500 2511 1570 2541 ra-

78 2574 251 2605 tionem
266 2563 472 2610 aridiores
491 2580 582 2610 non
599 2564 805 2612 reddunt.
838 2562 1097 2624 Hesychius
1124 2561 1311 2626 quidem
1343 2560 1570 2608 Bacchum

75 2616 212 2677 ivyfciw
237 2630 616 2689 cognominatum
632 2632 697 2678 ait
715 2669 728 2689 ,
745 2631 853 2694 quia
879 2626 1143 2683 (nifallor)
1170 2626 1225 2673 ad
1255 2631 1480 2674 Venerem
1506 2627 1573 2668 in-

30 2699 47 2748 f
81 2693 285 2747 flammet
325 2694 651 2744 immoderatus
684 2697 783 2742 vini
811 2695 941 2744 vsus.
979 2691 1176 2742 Portass'e
1208 2693 1405 2739 Bacchus
1439 2683 1575 2744 ἱογῖιὴς

79 2754 330 2818 appellatur
348 2796 360 2816 ‚
381 2757 513 2823 quud
538 2765 695 2811 vinum
723 2761 933 2810 homines
962 2761 1019 2808 ad
1045 2758 1090 2808 se
1118 2758 1274 2821 iyngis
1303 2758 1442 2807 instar
1469 2754 1572 2801 allt-
