1898 3214
375 88 440 122 m
496 85 792 122 Αιοιιτι
843 83 1273 120 nuntiauit-rit.
1480 73 1578 135 687'

81 136 505 202 dicere,diligentia
519 146 563 185 ὅ(
581 138 822 200 voluptate
837 140 978 200 animi
995 136 1213 185 deuoraui
1229 177 1243 199 ‚
1265 152 1457 200 eamque
1468 157 1585 187 con-

82 209 260 255 tinuam
273 221 456 265 operam
472 207 517 252 in
535 199 843 267 perquirendo
862 201 942 252 fixi
957 218 1095 265 atque
1112 193 1282 263 lncani,
1302 220 1351 251 vt
1364 207 1446 267 qui
1464 205 1583 269 Sisy-

80 271 199 335 phus
221 272 364 318 versat
391 268 546 318 saxum
563 308 576 328 ,
594 267 754 317 sudans
771 268 964 332 nitendo
981 305 995 328 ‚
1011 267 1085 315 sed
1102 266 1253 315 nescio
1272 285 1421 316 tamen
1435 286 1491 316 an
1510 271 1584 319 hi-

81 337 178 383 lum
196 333 482 398 profecerim.
522 337 578 384 Et
595 335 690 384 haec
705 351 803 382 mea
814 334 931 384 certe
949 350 1071 381 mens
1088 371 1102 393 ‚
1120 349 1170 379 ea
1186 335 1409 399 cogitatio
1425 373 1438 393 ‚
1454 336 1501 396 id
1516 339 1587 386 iu·

83 401 252 449 dicium
267 440 281 460 ‚
308 401 556 463 Auditotes
573 437 585 455 ,
606 416 657 448 vt
674 396 779 447 ct‘im
795 416 845 448 ea
860 399 914 448 de
927 417 972 447 re
988 400 1106 460 apud
1120 415 1204 446 vos
1221 416 1314 447 tam
1329 400 1469 450 libere
1489 421 1586 451 vet·

82 465 139 512 ba
171 465 337 513 faciam
364 503 378 526 ,
405 464 567 528 poffim
596 463 913 526 adolescentia:
943 462 1116 527 lapsum
1148 463 1198 511 de
1229 471 1405 524 tecm-i,
1434 465 1585 517 fateor

83 536 207 579 enim
222 529 376 578 nescio
390 547 488 591 quo
516 532 660 579 aetatis
678 528 860 578 feruore
885 547 989 578 ante
1005 546 1157 578 annos
1200 545 1348 592 ePtem
1365 532 1587 582 contulis-

81 597 128 645 se
144 603 189 643 δε
205 592 447 660 sublegiffe
463 613 537 643 me
555 599 602 642 in
619 595 769 643 libelli
784 595 1011 659 quandam
1029 593 1225 642 foi-mam
1241 595 1418 660 aliquas
1436 600 1586 647 minu..

85 665 174 711 tias
190 685 203 717 3
220 678 331 725 quas
353 661 458 710 cum
472 663 629 709 amicis
648 662 830 725 aliquot
847 663 960 709 meis
975 658 1279 712 ostendiss‘em‚
1295 661 1411 708 mihi
1429 666 1588 711 aueto-

83 745 154 776 tes
174 725 361 774 fuerunt
379 765 390 786 ‚
421 743 470 789 vt
489 725 542 774 de
558 728 614 775 iis
630 727 815 774 edendis
844 743 945 784 tum
962 725 1429 788 primumcogitarem
1443 767 1458 787 ,
1480 735 1521 775 &
1539 731 1587 777 in

80 792 317 857 publicam
350 792 424 839 edi
443 791 590 840 lucem
605 808 795 854 paterer.
833 791 882 838 Id
898 790 1018 839 cette
1036 829 1047 849 ,
1066 807 1131 845 ‚ne
1149 792 1259 855 quid
1273 807 1363 856 ego
1389 792 1587 843 diffimu-

85 860 183 906 lem
207 895 221 917 ‚
259 858 376 904 mihi
407 875 503 905 tum
537 857 670 905 valde
708 855 882 919 placuit
914 894 927 914 ‚
968 874 1017 905 vt
1052 859 1134 920 qui
1176 875 1384 905 meorum
1409 859 1588 908 studio-

83 940 187 973 tum
225 923 418 984 aliquod
449 918 523 984 vel
539 924 783 970 minimum
801 919 1025 985 specimen
1054 938 1145 967 non
1165 925 1283 986 aegtle
1307 923 1469 972 ferrem
1497 925 1586 974 stu-

86 988 226 1038 diofis
259 986 349 1037 effe
377 986 718 1036 consecratum.-
756 989 812 1035 ad
839 985 1037 1051 eamdue
1063 1004 1157 1034 rem
1183 987 1320 1038 citii'is
1361 988 1504 1052 qudm
1531 992 1591 1038 li-

86 1057 219 1103 cebat
244 1092 257 1113 ,
285 1071 439 1118 neque
485 1070 577 1101 tam
608 1052 786 1102 mature
822 1091 835 1112 ,
863 1069 912 1102 vt
955 1054 1198 1116 oportebat
1228 1093 1242 1114 ,
1274 1055 1332 1101 ad
1380 1054 1592 1105 Christo-

87 1121 286 1185 phomm
318 1121 579 1167 Plautinum
600 1158 613 1178 ‚
637 1123 786 1167 ciuem
816 1118 1200 1180 Antuerpiensem
1217 1158 1231 1179 ‚
1260 1122 1441 1185 regium
1455 1136 1592 1185 typo·

85 1185 312 1250 graphum
342 1220 354 1236 ,
393 1182 665 1247 scripserunt
704 1187 840 1232 amici
878 1202 983 1231 meo
1011 1187 1201 1233 nomine
1239 1225 1254 1242 ,
1284 1202 1333 1236 vt
1371 1185 1594 1251 quemad-

84 1250 278 1300 modum
291 1253 328 1298 is
347 1249 438 1313 ipse
453 1250 566 1297 mihi
578 1250 733 1299 corzim
763 1267 844 1313 pto
861 1246 937 1298 sua
952 1248 1173 1298 facilitate
1193 1248 1392 1314 primum
1409 1249 1488 1301 hic
1504 1255 1595 1301 Lu·

83 1319 210 1366 tetiae
235 1316 475 1378 pollicitus
510 1333 633 1363 erat:
664 1313 829 1364 deiude
860 1332 938 1378 per
966 1315 1119 1364 literas
1137 1315 1259 1364 idem
1290 1333 1384 1364 non
1415 1320 1591 1369 inu-itus

87 1381 378 1431 confirmarat
395 1416 404 1431 ‚
424 1381 608 1431 libellus
623 1382 753 1443 prelo
770 1382 1160 1429 committeretur:
1178 1383 1304 1445 quod
1324 1400 1499 1445 tamenf
1511 1385 1592 1434 vbi

88 1448 323 1510 exemplat
336 1448 392 1494 ad
414 1464 519 1494 eum
548 1445 760 1494 misissem
781 1486 793 1508 ‚
823 1444 938 1510 pene
955 1444 1151 1496 omnino
1166 1443 1419 1510 αὐτᾰκαφω
1439 1488 1451 1509 ,
1466 1456 1509 1498 δε
1524 1468 1594 1499 pe-

90 1531 198 1562 uera
213 1511 456 1573 πωικόχαφοι
476 1545 485 1559 ,
516 1513 728 1560 diuturna
747 1519 791 1560 &
806 1512 1001 1561 molesta
1027 1516 1326 1578 negotiorum
1343 1516 1466 1563 mole
1480 1533 1598 1563 auo·

86 1597 215 1628 catus
232 1617 247 1637 ‚
272 1596 364 1627 tam
378 1575 475 1626 cito
506 1578 711 1641 praestare
738 1596 829 1625 non
858 1580 1014 1641 potuit
1040 1616 1052 1638 ‚
1088 1596 1134 1627 vt
1158 1579 1255 1643 ipse
1279 1581 1594 1631 constituerat.

90 1644 180 1693 Sed
206 1643 458 1692 eatandem
486 1645 610 1692 edita
625 1644 801 1691 scholia
821 1684 833 1704 ,
868 1647 1110 1692 immatura
1124 1645 1486 1708 penem-mnino,
1515 1665 1600 1696 ne·

84 1727 182 1775 *que
208 1711 350 1775 digna
365 1709 470 1759 satis
501 1727 601 1774 quae
620 1710 707 1757 hoc
730 1726 965 1773 tempore,
993 1726 1087 1758 tam
1103 1709 1297 1759 eruditis
1325 1711 1599 1763 hominibus

86 1776 371 1835 abundanti,
400 1776 548 1823 lucem
579 1774 775 1825 ferrent:
806 1771 959 1824 tamen
986 1791 1176 1839 excepta
1209 1795 1312 1824 cum
1339 1777 1601 1841 applausu&

88 1839 304 1891 studiofis
322 1879 337 1899 ‚
351 1841 469 1888 mihi
496 1844 674 1890 animos
693 1843 999 1890 admouerunt
1016 1879 1029 1900 ,
1047 1858 1095 1889 vt
1108 1844 1399 1906 quaeinculta
1420 1859 1605 1906 par-um-

89 1906 184 1972 -c'jue
201 1904 318 1956 tersa
342 1905 428 1955 effe
447 1905 603 1954 scirem
620 1946 633 1967 ,
670 1906 851 1971 sumpto
871 1906 1075 1972 quodam
1094 1909 1195 1955 0tio
1223 1908 1374 1957 libero
1400 1911 1605 1975 corrige-

90 1989 203 2022 rem.
235 1974 356 2019 Meae
372 1974 529 2037 itaque
556 1990 704 2037 pai-tes
723 1971 824 2020 sunt
841 2011 857 2032 ‚
873 1990 922 2021 vt
945 1971 1050 2021 cum
1063 1973 1182 2020 mihi
1210 1991 1306 2023 tam
1323 1990 1480 2039 gratos
1496 1993 1602 2025 eru-

91 2039 297 2087 ditorum
326 2037 569 2086 hominum
592 2042 772 2087 animos
791 2056 1005 2102 expertus
1024 2038 1102 2086 fim
1118 2076 1130 2099 ‚
1152 2042 1232 2104 qui
1249 2057 1329 2104 pro
1347 2058 1403 2089 eo
1418 2035 1596 2102 labore„

89 2106 268 2169 alioqui
285 2108 413 2152 tenui
431 2143 445 2162 ,
477 2106 645 2169 gratias
670 2105 786 2151 mihi
801 2122 892 2152 non
919 2103 1058 2153 semel
1076 2104 1338 2155 habuerunt
1359 2146 1372 2165 ,
1388 2106 1448 2155 de
1466 2107 1600 2156 casti-

91 2171 240 2234 ganda
252 2171 338 2217 illa
366 2170 574 2218 editione
592 2173 819 2232 cogitem:
847 2185 941 2218 tum
962 2187 1009 2219 vt
1024 2164 1323 2234 respondeam
1350 2168 1601 2223 hominum

91 2235 149 2283 de
167 2253 238 2282 me
255 2236 372 2283 bene
402 2238 673 2284 meritorum
689 2237 1001 2299 expectationi
1018 2275 1032 2296 ‚
1061 2253 1160 2284 tum
1178 2254 1228 2285 vt
1255 2236 1598 2288 adolescentum

91 2300 240 2350 studia
253 2318 540 2365 quacumque
558 2301 743 2349 tandem
756 2303 934 2350 ratione
950 2304 1107 2349 iuuare
1123 2315 1321 2366 pergam.
1357 2304 1506 2366 Qui
1519 2321 1602 2353 ne-

93 2369 280 2430 gotium
292 2364 430 2416 citii‘is
454 2364 746 2417 confeciffem
763 2407 776 2428 ‚
796 2373 839 2415 δε
855 2369 991 2416 alacri
1008 2366 1161 2415 studio
1175 2368 1462 2418 maturaffem
1480 2407 1494 2429 ‚
1511 2369 1599 2419 nisi

93 2429 385 2495 profeffionis
400 2450 511 2481 meae
529 2435 746 2482 continua
762 2451 865 2482 cura
879 2432 1167 2486 &laboriosa
1186 2437 1492 2495 contentio‚in
1506 2452 1599 2500 qua.

93 2495 302 2546 cessatori
328 2495 525 2546 essenon
542 2499 678 2560 licet,
705 2518 778 2547 me
794 2499 908 2563 pene
934 2495 1129 2546 omnino
1147 2497 1176 2546 ὲ
1203 2498 1476 2550 subsceciuis
1502 2501 1600 2550 stu·

93 2563 183 2612 diis
205 2559 492 2614 'abstraxiffet
518 2581 530 2609 ι
559 2564 639 2611 nisi
667 2568 855 2629 inquam
873 2581 945 2611 me
972 2580 1077 2611 toto
1101 2565 1194 2612 iarn
1222 2563 1444 2614 sexennio
1469 2585 1599 2616 exet*

95 2626 283 2676 cuiffet.
335 2632 508 2692 Neque
539 2629 653 2677 vero
682 2647 775 2678 tarn
803 2629 941 2678 facile
971 2628 1036 2677 est
1074 2631 1117 2679 ei
1146 2633 1229 2693 qui
1258 2634 1421 2681 nostrae
1453 2633 1593 2682 huius

95 2691 384 2756 professionis
414 2710 579 2742 munus
611 2694 830 2744 sustineat
857 2732 872 2755 ‚
902 2695 1109 2744 animum
1136 2697 1193 2745 ad
1220 2716 1289 2747 res
1324 2715 1419 2746 tam
1449 2703 1595 2747 varias

77 2764 141 2806 ,δε
178 2759 455 2823 multiplices
500 2761 768 2828 applicare:
797 2776 938 2824 quem
969 2760 1090 2813 cette
1114 2764 1597 2830 magnum&atduum
